<?xml version="1.0" encoding="UTF-8"?><collection xmlns="http://www.loc.gov/MARC21/slim"><record><leader>00581nam--2200169-i-4500</leader><controlfield tag="001">000045159</controlfield><controlfield tag="002">20161230</controlfield><controlfield tag="005">20161230201044</controlfield><controlfield tag="008">060222s1000------------r-----000-0-eng-d</controlfield><datafield ind1=" " ind2=" " tag="040"><subfield code="a">IFIN-HH</subfield></datafield><datafield ind1=" " ind2=" " tag="080"><subfield code="a">533.9(061.3)</subfield></datafield><datafield ind1="1" ind2=" " tag="110"><subfield code="a">Charles University Prague</subfield></datafield><datafield ind1="1" ind2="0" tag="245"><subfield code="a">Topics common to the laboratory and the space plasma research</subfield><subfield code="b">Invited Papers and Abstracts of Contributed Papers. September, 21-25, 1987, Skalsky Dvur, Czechslovakia</subfield></datafield><datafield ind1=" " ind2=" " tag="260"><subfield code="a">Prague, Faculty Of Mathematics And Physics, 1987,</subfield></datafield><datafield ind1=" " ind2=" " tag="300"><subfield code="a">143P</subfield></datafield><datafield ind1=" " ind2=" " tag="852"><subfield code="a">74358</subfield><subfield code="c">533.9</subfield></datafield><datafield ind1=" " ind2=" " tag="CAT"><subfield code="a">Sys</subfield><subfield code="c">20101001</subfield><subfield code="h">182640</subfield></datafield></record></collection>